@manual{rcore,
	title = {R: A Language and Environment for Statistical Computing},
	author = {{R Core Team}},
	organization = {R Foundation for Statistical Computing},
	address = {Vienna, Austria},
	year = {2015},
	url = {https://www.R-project.org/},
}

@manual{rstudio,
	title = {RStudio: Integrated Development Environment for R},
	author = {{RStudio Team}},
	organization = {RStudio, Inc.},
	address = {Boston, MA},
	year = {2015},
	url = {http://www.rstudio.com/},
}

@misc{lichman2013,
	author = "M. Lichman",
	year = "2013",
	title = "{UCI} Machine Learning Repository",
	url = "http://archive.ics.uci.edu/ml",
	institution = "University of California, Irvine, School of Information and Computer Sciences"
}

